\bibitem{zarem}
  L.K. Zaremboi and V. A. Krasil’Nkov,
  \emph{Non-Linear Phenomena in the
propagation of Elastic Waves in Solids},
  Soviet Physics Uspekhi,
	13(6),  
  May-June 1971 :  778-800.

\bibitem{phonon}
Lyle H. Taylor, Fred R. Rollins, Jr. Ultrasonic Study of Three-Phonon
Interactions. I. Theory, Physical Review, 136 (3A), 1964 : A 591 - 596.

\bibitem{yee}
Kane Yee \emph{Numerical solution of initial boundary value problems involving Maxwell’s equations in isotropic media}, IEEE Transactions on Antennas and Propagation 14 (3), 1966: 302307.

\bibitem{derive_step_1}
S. Kuchler, T. Meurer, L. J. Jacobs, and J. Qu, J. Acoust. Soc. \emph{Am. 125(3)},
1293–1301 (2009)

\bibitem{errors}
https://people.maths.ox.ac.uk/trefethen/5all.pdf

\bibitem{errors_2}
http://www.mathematik.uni-dortmund.de/~kuzmin/cfdintro/lecture10.pdf

\bibitem{smoothness}
\emph{Finite Difference Approximation
of Derivatives} \\
http://www.rsmas.miami.edu/personal/miskandarani/Courses/MSC321/lectfiniteDifference.pdf

\bibitem{Liu}
Liu Et, Al

\bibitem{inverse_book}
G.R. Liu, X. Han, \emph{Computational Inverse Techniques in Nondestructive Evaluation}

\bibitem{inverse_chapter}
http://thesis.library.caltech.edu/2026/6/Chapter3.pdf

\bibitem{gp}
http://www.inference.phy.cam.ac.uk/mackay/gpB.pdf

\bibitem{gp_tut}
http://mlg.eng.cam.ac.uk/zoubin/tut06/snelson-gp.pdf

%\bibitem{scikit}
%Scikit-Learn, \emph{A machine learning library for python},  http://scikit-learn.org/stable/modules/gaussian_process.html